@article{test2009evidence,
  title={Evidence-based secondary transition predictors for improving postschool outcomes for students with disabilities},
  author={Test, David W and Mazzotti, Valerie L and Mustian, April L and Fowler, Catherine H and Kortering, Larry and Kohler, Paula},
  journal={Career Development for Exceptional Individuals},
  volume={32},
  number={3},
  pages={160--181},
  year={2009},
  publisher={Sage Publications Sage CA: Los Angeles, CA}
}